% This file was created with JabRef 2.3.1.
% Encoding: UTF-8

@ARTICLE{abell-reyniers:2000,
  author = {Peter Abell and Diane Reyniers},
  title = {Generalized Reciprocity and Reputation in the Theory of Cooperation:
	A Framework},
  journal = {Analyse \& Kritik},
  year = {2000},
  volume = {22},
  pages = {3-17}
}

@INCOLLECTION{alexander:2003,
  author = {Jason McKenzie Alexander},
  title = {Evolutionary Game Theory},
  booktitle = {The Stanford Encyclopedia of Philosophy},
  publisher = {The Metaphysics Research Lab; Center for the Study of Language and
	Information Stanford University},
  year = {2003},
  editor = {Edward N. Zalta},
  url = {http:\-//plato.\-stan\-ford.\-edu/\-archives/\-sum2003/\-entries/\-game\--evolutionary/}
}

@BOOK{appiah:2003,
  title = {Thinking it Through. An Introduction to Contemporary Philosophy},
  publisher = {Oxford University Press},
  year = {2003},
  author = {Kwame Anthony Appiah},
  adress = {Oxford}
}

@INCOLLECTION{arnold:2006,
  author = {Eckhart Arnold},
  title = {The Dark Side of the Force. When computer simulations lead us astray
	and model think narrows our imagination. (Pre conference draft for
	the Models and Simulations Conference, Paris, June 12-14.)},
  booktitle = {Homepage Eckhart Arnold},
  publisher = {Eckhart Arnold},
  year = {2006},
  editor = {Eckhart Arnold},
  owner = {eckhart},
  timestamp = {2007.02.20},
  url = {http://www.eckhartarnold.de/papers/2006\_simulations/Simulations\_preconference.html}
}

@INCOLLECTION{arnold:2005b,
  author = {Eckhart Arnold},
  title = {Kann die evolutionäre Spieltheorie die Entstehung von Kooperation
	erklären? (Studie über die schwächen eines formalen Ansatzes)},
  booktitle = {Homepage Eckhart Arnold},
  publisher = {Eckhart Arnold},
  year = {2005},
  editor = {Eckhart Arnold},
  owner = {eckhart},
  timestamp = {2007.02.20},
  url = {http://www.eckhartarnold.de/papers/spieltheorie\-/Kritik\_\-der\_\-Spiel\-theorie\-.html}
}

@INCOLLECTION{arnold:2002,
  author = {Eckhart Arnold},
  title = {Der Einsatz evolutionärer Computermodelle bei der Untersuchung historischer
	und politischer Fragestellungen},
  booktitle = {Homepage Eckhart Arnold},
  publisher = {Eckhart Arnold},
  year = {2002},
  editor = {Eckhart Arnold},
  owner = {eckhart},
  timestamp = {2007.02.20},
  url = {http://www.eckhartarnold.de/papers/evolution/index.html}
}

@ARTICLE{arnold:2005,
  author = {Eckhart Arnold},
  title = {Mehr als nur Analogien? Zur Beziehung von kultureller und biologischer
	Evolution},
  journal = {Erwägen Wissen Ethik},
  year = {2005},
  volume = {16 / 3},
  pages = {372-374},
  owner = {eckhart},
  timestamp = {2007.02.20}
}

@BOOK{ashworth:1980,
  title = {Trench Warfare 1914-1918. The Live and Let Live System},
  publisher = {MacMillan Press Ltd.},
  year = {1980},
  author = {Tony Ashworth},
  adress = {Hampshire / London}
}

@BOOK{axelrod:1997,
  title = {The Complexity of Cooperation},
  publisher = {Princeton University Press},
  year = {1997},
  author = {Robert Axelrod},
  adress = {Princeton}
}

@BOOK{axelrod:1984,
  title = {Die Evolution der Kooperation},
  publisher = {R. Oldenbourg Verlag},
  year = {1984},
  author = {Robert Axelrod},
  edition = {deutsche Übersetzung, 5. Auflage (2000)},
  adress = {München}
}

@INCOLLECTION{axelrod-dambrosio:1994,
  author = {Robert Axelrod and Lisa D'Ambrosio},
  title = {Annotated Bibliography on the Evolution of Cooperation},
  publisher = {Center for the Study of Complex Systems; University of Michigan},
  year = {1994},
  editor = {Theodore C. Belding},
  book = {Research Website},
  url = {http://www.cscs.umich.edu/\-research/\-Evol\_of\_Coop\_Bibliography.html}
}

@ARTICLE{axelrod-hamilton:1981,
  author = {Robert Axelrod and William D. Hamilton},
  title = {The evolution of cooperation},
  journal = {Science},
  year = {1981},
  volume = {211},
  pages = {1390-1396},
  owner = {eckhart},
  timestamp = {2007.03.07}
}

@ARTICLE{bernhard-fischbacher-fehr:2006,
  author = {Helen Bernhard and Urs Fischbacher and Ernst Fehr},
  title = {Parochial altruism in humans},
  journal = {nature},
  year = {2006},
  volume = {442},
  pages = {912-915},
  month = {August},
  owner = {ecki},
  timestamp = {2008.07.24}
}

@BOOK{binmore:1998,
  title = {Game Theory and the Social Contract II. Just Playing},
  publisher = {MIT Press},
  year = {1998},
  author = {Ken Binmore},
  address = {Cambridge, Massachusetts / London, England}
}

@BOOK{binmore:1994,
  title = {Game Theory and the Social Contract I. Playing Fair},
  publisher = {MIT Press},
  year = {1994},
  author = {Ken Binmore},
  address = {Cambridge, Massachusetts / London, England},
  edition = {Fourth printing (2000)}
}

@BOOK{blackmore:1999,
  title = {Die Macht der Meme oder die Evolution von Kultur und Geist},
  publisher = {Spektrum Akademischer Verlag GmbH},
  year = {2000},
  author = {Susan Blackmore},
  edition = {deutsche Übersetzung (2000), Ausgabe der Wissenschaftlichen Buchgesellschaft
	Darmstadt},
  adress = {Heidelberg / Berlin}
}

@ARTICLE{bolton-katok-ockenfels:2004,
  author = {Gary E. Bolton and Elena Katok and Axel Ockenfels},
  title = {Trust among Internet Traders: A Behavioural Economics Approach},
  journal = {Analyse und Kritik},
  year = {2004},
  volume = {26},
  pages = {185-202},
  owner = {eckhart},
  timestamp = {2007.02.09}
}

@BOOK{boorman-levitt:1980,
  title = {The Genetics of Altruism},
  publisher = {Academic Press (Harcourt Brace Jovanovich},
  year = {1980},
  author = {Scott A. Boorman and Paul R. Levitt},
  adress = {New York / London / Toronto / Sydney / San Francisco}
}

@ARTICLE{boyd-richerson:2002,
  author = {Robert Boyd and Peter J. Richerson},
  title = {Goup Beneficial Norms Can Spread Rapidly in a Structured Population},
  journal = {Journal of theoretical Biology},
  year = {2002},
  volume = {215},
  pages = {287-296}
}

@ARTICLE{boyd-richerson:1992,
  author = {Robert Boyd and Peter J. Richerson},
  title = {Punishment Allows the Evolution of Cooperation (or Anything Else)
	in Sizable Groups},
  journal = {Ethology and Sociobiology},
  year = {1992},
  volume = {13},
  pages = {171-195},
  owner = {eckhart},
  timestamp = {2006.09.24}
}

@ARTICLE{boyd-richerson:1990,
  author = {Robert Boyd and Peter J. Richerson},
  title = {Group Selection among Alternative Evolutionary Stable Strategies},
  journal = {Journal of Theoretical Biology},
  year = {1990},
  volume = {145},
  pages = {331-342},
  owner = {eckhart},
  timestamp = {2006.09.24}
}

@BOOK{boyd-richerson:1985,
  title = {Culture and the Evolutionary Process},
  publisher = {University of Chicago Press},
  year = {1985},
  author = {Richard Boyd and Peter J. Richerson},
  address = {Chicago and London},
  owner = {eckhart},
  timestamp = {2007.04.25}
}

@INCOLLECTION{EBneolithic:2004,
  author = {Encyclopaedeia Britannica},
  title = {Neolithic Period},
  booktitle = {Encyclopaedia Britannica Deluxe Edition 2004 CD-ROM},
  publisher = {Encyclopaedeia Britannica Inc.},
  year = {2004},
  owner = {eckhart}
}

@ARTICLE{bryant:2004,
  author = {Joseph M. Bryant},
  title = {An Evolutionary Social Science? A Skeptic's Brief, Theoretical and
	Substantive},
  journal = {Philosophy of the Social Sciences},
  year = {2004},
  volume = {34},
  pages = {451-492}
}

@ARTICLE{bshary-grutter:2006,
  author = {Redouan Bshary and Alexandra S. Grutter},
  title = {Image scoring and cooperation in a cleaner fish mutualism},
  journal = {nature},
  year = {2006},
  volume = {441},
  pages = {975-978},
  owner = {eckhart},
  timestamp = {2007.01.21}
}

@BOOK{cartwright:1999,
  title = {The Dappled World. A Study of the Boundaries of Science},
  publisher = {Cambridge University Press},
  year = {1999},
  author = {Nancy Cartwright},
  address = {Cambridge},
  edition = {reprint 2003},
  owner = {eckhart},
  timestamp = {2006.06.21}
}

@BOOK{cavalli-sforza-feldman:1981,
  title = {Cultural Transmission and Evolution},
  publisher = {Princeton University Press},
  year = {1981},
  author = {L.L. Cavalli-Sforza and M.Feldman},
  address = {Princeton / New Jersey},
  owner = {eckhart},
  timestamp = {2007.03.07}
}

@ARTICLE{cox:1999,
  author = {Gary W. Cox},
  title = {The Empirical Content of Rational Choice Theory. A Reply to Green
	and Shapiro},
  journal = {Journal of Theoretical Politics},
  year = {1999},
  volume = {11(2)},
  pages = {147-169},
  owner = {ecki},
  timestamp = {2008.07.23}
}

@BOOK{cronin:1991,
  title = {The ant and the peacock. Altruism and sexual selection from Darwin
	to today},
  publisher = {Cambridge University Press},
  year = {1991},
  author = {Helena Cronin},
  adress = {Cambridge / New York / Port Chester / Melbourne / Sidney}
}

@BOOK{darwin:1859,
  title = {The Origin of Species},
  publisher = {Wordsworth Classics of World Literature},
  year = {1859},
  author = {Charles Darwin},
  address = {Herfordshire},
  owner = {eckhart},
  timestamp = {2007.03.04}
}

@BOOK{dawkins:1982,
  title = {The Extended Phenotype. The Gene as the Unit of Selection},
  publisher = {Oxford University Press},
  year = {1982},
  author = {Richard Dawkins},
  address = {Oxford and San Francisco},
  owner = {eckhart},
  timestamp = {2007.02.28}
}

@BOOK{dawkins:1976,
  title = {Das egoistische Gen},
  publisher = {Rowohlt},
  year = {1976},
  author = {Richard Dawkins},
  edition = {deutsche Übersetzung, 4. Auflage (2002)},
  adress = {Reinbek}
}

@BOOK{dennett:2006,
  title = {Breaking the Spell: Religion as a Natrual Phenomenon},
  publisher = {Penguin},
  year = {2006},
  author = {Daniel Dennett},
  address = {London, England},
  owner = {eckhart},
  timestamp = {2007.03.07}
}

@BOOK{dennett:1996,
  title = {Darwin's Dangerous Idea: Evolution and the Meaning of Life},
  publisher = {Simon and Schuster Paperbacks},
  year = {1996},
  author = {Daniel Dennett},
  address = {New York},
  owner = {eckhart},
  timestamp = {2007.03.07}
}

@INCOLLECTION{depew:2003,
  author = {David J. Depew},
  title = {Baldwin and His Many Effects},
  booktitle = {Evolution and Learning. The Baldwin Effect Reconsidered},
  publisher = {MIT Press},
  year = {2003},
  editor = {Bruce H. Weber and David J. Depew},
  chapter = {1},
  pages = {3-31},
  address = {Cambridge, Massachusetts / London, England},
  owner = {eckhart},
  timestamp = {2007.05.29}
}

@BOOK{diamond:2005,
  title = {Collaps. How Societies Choose to Fail or Succeed},
  publisher = {Viking (Penguin Group)},
  year = {2005},
  author = {Jarred Diamond},
  address = {New York},
  owner = {eckhart},
  timestamp = {2007.03.04}
}

@BOOK{diamond:1997,
  title = {Guns, Germs and Steel. A Short History of Everybody for the last
	13,000 Years},
  publisher = {Vintage, Random House},
  year = {1998},
  author = {Jarred Diamond},
  adress = {London}
}

@INCOLLECTION{dugatkin:1998,
  author = {Lee Alan Dugatkin},
  title = {Game Theory and Cooperation},
  booktitle = {Game Theory \& Animal Behaviour},
  publisher = {Oxford University Press},
  year = {1998},
  editor = {Lee Alan Dugatkin and Hudson Kern Reeve},
  chapter = {3},
  pages = {38-63},
  address = {Oxford / New York},
  owner = {eckhart}
}

@BOOK{dugatkin:1997,
  title = {Cooperation among Animals},
  publisher = {Oxford University Press},
  year = {1997},
  author = {Lee Alan Dugatkin},
  owner = {eckhart}
}

@ARTICLE{dugatkin:1996,
  author = {Lee Alan Dugatkin},
  title = {Tit for Tat, by-product mutualism and predator inspection: a reply
	to Connor},
  journal = {Animal Behaviour},
  year = {1996},
  volume = {51},
  pages = {455-457},
  owner = {eckhart},
  timestamp = {2006.09.24}
}

@ARTICLE{dugatkin-wilson:1991,
  author = {Lee Alan Dugatkin and David Sloan Wilson},
  title = {Rover: A Strategy for Exploiting Cooperators in a Patchy Environment},
  journal = {The American Naturalist},
  year = {1991},
  volume = {138},
  pages = {687-701},
  owner = {eckhart},
  timestamp = {2007.03.07}
}

@BOOK{dupre:2003,
  title = {Darwin's Legacy},
  publisher = {Oxford University Press},
  year = {2003},
  author = {John Dupré},
  address = {Oxford},
  owner = {eckhart},
  timestamp = {2007.01.03}
}

@BOOK{dupre:2001,
  title = {Human Nature and the Limits of Science},
  publisher = {Oxford University Press},
  year = {2001},
  author = {John Dupré},
  address = {Oxford},
  owner = {eckhart},
  timestamp = {2007.01.03}
}

@BOOK{dupre:1993,
  title = {The Disorder of Things. Metaphysical Foundations of the Disunity
	of Science},
  publisher = {Harvard University Press},
  year = {1996},
  author = {John Dupré},
  address = {Cambridge, Massachusetts and London, England},
  owner = {eckhart},
  timestamp = {2007.02.21}
}

@BOOK{elias:1976,
  title = {Der den Prozeß der Zivilisation. Soziogenetische und Psychogenetische
	Untersuchungen. Erster Band. Wandlungen des Verhaltens in den weltlichen
	Oberschichten des Abendlandes},
  publisher = {Suhrkamp},
  year = {1976},
  author = {Norbert Elias},
  edition = {17. Auflage 1992},
  adress = {Frankfurt am Main}
}

@INCOLLECTION{engels:1878,
  author = {Friedrich Engels},
  title = {Philosophie von Platon bis Nietzsche},
  booktitle = {Herrn Eugen Dührings Umwälzung der Wissenschaften},
  publisher = {Directmedia Publishing GmbH},
  year = {1998},
  editor = {Frank Peter Hansen},
  volume = {2},
  series = {Digitale Bibliothek},
  pages = {50179-50789},
  address = {Berlin},
  owner = {eckhart},
  timestamp = {2007.05.26}
}

@ARTICLE{ernst:2001,
  author = {Zachary Ernst},
  title = {Explaining the Social Contract},
  journal = {British Journal for the Philosophy of Science},
  year = {2001},
  volume = {52},
  pages = {1-24}
}

@ARTICLE{fehr-fischbacher:2003,
  author = {Ernst Fehr and Urs Fischbacher},
  title = {The nature of human altruism},
  journal = {nature},
  year = {2003},
  volume = {425},
  pages = {785-791},
  month = {October},
  owner = {ecki},
  timestamp = {2008.07.24}
}

@INCOLLECTION{fehr-henrich:2003,
  author = {Ernst Fehr and Joseph Henrich},
  title = {Is Strong Reciprocity a Maladaption? On the Evolutionary Foundations
	of Human Altruism},
  booktitle = {Genetic and Cultural Evolution},
  publisher = {MIT Press in cooperation with Dahlem University Press},
  year = {2003},
  editor = {Peter Hammerstein},
  chapter = {4},
  pages = {55-82},
  address = {Cambridge, Massachusetts / London, England}
}

@ARTICLE{ferriere-michod:1996,
  author = {Regis Ferriere and Richard E. Michod},
  title = {The Evolution of Cooperation in Spatially Heterogeneous Populations},
  journal = {The American Naturalist},
  year = {1996},
  volume = {147},
  pages = {692-717},
  owner = {eckhart},
  timestamp = {2006.09.24}
}

@ARTICLE{frean-abraham:2001,
  author = {Marcus R. Frean and Edward R. Abraham},
  title = {A Voter Model of the Spatial Prisoner's Dilemma},
  journal = {IEEE Transations on Evolutionary Computation},
  year = {2001},
  volume = {5},
  pages = {117-121},
  owner = {eckhart},
  timestamp = {2006.09.24}
}

@INBOOK{gehlen:1942,
  pages = {50-62},
  title = {Ein Bild vom Menschen},
  publisher = {Vittorio Klostermann},
  year = {1983},
  editor = {Karl-Siegbert Rehberg and Heinrich Wahlen and Albert Bilo},
  author = {Arnold Gehlen},
  volume = {Arnold Gehlen. Gesamtausgabe. Band 4. Philosophische Anthropologie
	und Handlungslehre},
  address = {Frankfurt am Main},
  owner = {eckhart},
  timestamp = {2007.03.07}
}

@BOOK{troitzsch:2005,
  title = {Simulation for the Social Scientist},
  publisher = {Open University Press},
  year = {2005},
  author = {Nigel Gilbert and Klaus Troitzsch},
  address = {New York},
  owner = {eckhart},
  timestamp = {2007.03.07}
}

@BOOK{green-shapiro:1994,
  title = {Pathologies of Rational Choice Theory. A Critique of Applications
	in Political Science},
  publisher = {Yale University Press},
  year = {1994},
  author = {Donald P. Green and Ian Shapiro},
  address = {New Haven and London},
  owner = {eckhart},
  timestamp = {2007.12.29}
}

@ARTICLE{guererk-irlenbusch-rockenbach:2006,
  author = {Özgür Gürerk and Bernd Irlenbusch and Bettina Rockenbach},
  title = {The Competitive Advantage of Sanctioning Insitutions},
  journal = {Science},
  year = {2006},
  volume = {312},
  pages = {108-111},
  owner = {eckhart},
  timestamp = {2007.02.20}
}

@ARTICLE{hamilton:1964,
  author = {W.D. Hamilton},
  title = {The Genetical Evolution of Social Behaviour. II},
  journal = {Journal of Theoretical Biology},
  year = {1964},
  volume = {7},
  pages = {17-52},
  owner = {eckhart},
  timestamp = {2007.03.07}
}

@INCOLLECTION{hammerstein:1998,
  author = {Peter Hammerstein},
  title = {What is Evolutionary Game Theory?},
  booktitle = {Game Theory \& Animal Behaviour},
  publisher = {Oxford University Press},
  year = {1998},
  editor = {Lee Alan Dugatkin and Hudson Kern Reeve},
  chapter = {1},
  pages = {3-15},
  address = {Oxford / New York},
  owner = {eckhart}
}

@INCOLLECTION{hammerstein:2003a,
  author = {Peter Hammerstein},
  title = {Why Is Reciprocity So Rare in Social Animals? A Protestant Appeal},
  booktitle = {Genetic and Cultural Evolution},
  publisher = {MIT Press in cooperation with Dahlem University Press},
  year = {2003},
  editor = {Peter Hammerstein},
  chapter = {5},
  pages = {83-94},
  address = {Cambridge, Massachusetts / London, England}
}

@BOOK{hardin:1982,
  title = {Collective Action},
  publisher = {John Hopkins University Press},
  year = {1982},
  author = {Russel Hardin},
  edition = {2nd Edition 1991},
  adress = {Baltimore and London}
}

@INCOLLECTION{heath:2005,
  author = {Joseph Heath},
  title = {Methodological Individualism},
  booktitle = {The Stanford Encyclopedia of Philosophy},
  publisher = {The Metaphysics Research Lab; Center for the Study of Language and
	Information Stanford University},
  year = {2005},
  editor = {Edward N. Zalta},
  url = {http://plato.stanford.edu/archives/\-spr2005/\-entries/\-methodological-individualism/}
}

@INCOLLECTION{hegel:1830,
  author = {Georg Wilhelm Friedrich Hegel},
  title = {Philosophie von Platon bis Nietzsche},
  booktitle = {Enzyklopädie der philosophischen Wissenschaften im Grundrisse},
  publisher = {Directmedia Publishing GmbH},
  year = {1998},
  editor = {Frank Peter Hansen},
  volume = {2},
  series = {Digitale Bibliothek},
  pages = {41242-42195},
  address = {Berlin},
  owner = {eckhart},
  timestamp = {2007.05.26}
}

@INBOOK{hempel:1965,
  chapter = {9},
  pages = {231-243},
  title = {General Laws in History},
  publisher = {Collier-Macmillan Ltd. London},
  year = {1965},
  author = {Carl Gustav Hempel},
  booktitle = {Aspects of Scientific Explanation and Other Essays in the Philosophy
	of Science},
  owner = {eckhart},
  timestamp = {2006.06.21}
}

@ARTICLE{henrich:2001,
  author = {Joseph Henrich},
  title = {Cultural Transmission and the Diffusion of Innovations: Adoption
	Dynamics Indicate That Biased Cultural Transmission Is the Predominate
	Force in Behavioural Change},
  journal = {American Anthropologist},
  year = {2001},
  volume = {103},
  pages = {992-1013}
}

@ARTICLE{boyd-henrich:2003,
  author = {Joseph Henrich and Robert Boyd},
  title = {Why People Punish Defectors. Weak conformist transmission can stabilize
	costly enforcement of norms in cooperative dilemmas},
  journal = {Journal of theoretical Biology},
  year = {2001},
  volume = {208},
  pages = {79-89}
}

@ARTICLE{boyd-bowles-et-al:2001,
  author = {Joseph Henrich and Robert Boyd and Samuel Bowles and Colin Camerer
	and Ernst Fehr and Herbert Gintis and Richard McElreath},
  title = {In Search of Homo Economicus: Behavioural Experiments in 15 Small-Scale
	Societies},
  journal = {American Economic Review},
  year = {2001},
  volume = {91},
  pages = {73-78}
}

@BOOK{hobbes:1651,
  title = {Leviathan oder Stoff, Form und Gewalt eines kirchlichen und bürgerlichen
	Staates},
  publisher = {Suhrkamp},
  year = {1651},
  author = {Thomas Hobbes},
  address = {Frankfurt am Main},
  edition = {deutsche Übersetzung, 8. Auflage (1998)}
}

@ARTICLE{hoffmann:2000,
  author = {Robert Hoffmann},
  title = {Twenty Years on: The Evolution of Cooperation Revisited},
  journal = {Journal of Artificial Societies and Social Simulation},
  year = {2000},
  volume = {Volume 3, No. 2},
  url = {http://jasss.soc.surrey.ac.uk/3/2/forum/1.html}
}

@ARTICLE{huberman-glance:1993,
  author = {Bernado A. Huberman and Natalie S. Glance},
  title = {Evolutionary games and computer simulations},
  journal = {Proceedings of the National Academy of Sciences of the United States
	of America},
  year = {1993},
  volume = {90},
  pages = {7716-7718},
  owner = {eckhart},
  timestamp = {2007.03.01}
}

@BOOK{hume:1739,
  title = {A Treatise of Human Nature},
  publisher = {Penguin},
  year = {1739},
  author = {David Hume},
  address = {London},
  edition = {Penguin Classics 1984}
}

@BOOK{humphreys:2004,
  title = {Extending Ourselves. Computational Science, Empiricism, and Scientific
	Method},
  publisher = {Oxford University Press},
  year = {2004},
  author = {Paul Humphreys},
  owner = {eckhart},
  timestamp = {2007.03.03}
}

@INCOLLECTION{huxley:1893,
  author = {Thomas H. Huxley},
  title = {Evolution und Ethik},
  booktitle = {Evolution und Ethik},
  publisher = {Philipp Reclam jun.},
  year = {1993},
  editor = {Kurt Bayertz},
  pages = {67-74},
  address = {Stuttgart}
}

@BOOK{james:2003,
  title = {Europe Reborn. A History, 1914-2000},
  publisher = {Pearson Longman},
  year = {2003},
  author = {Harold James},
  adress = {London / New York u.a.}
}

@BOOK{jones:1981,
  title = {Das Wunder Europas. Umwelt, Wirtschaft und Geopolitik in der Geschichte
	Europas und Asiens},
  publisher = {J.C.B. Mohr},
  year = {1981},
  author = {Eric L. Jones},
  edition = {deutsche Übersetzung 1991},
  adress = {Tübingen}
}

@INCOLLECTION{kant:1795,
  author = {Immanuel Kant},
  title = {Zum Ewigen Frieden. Ein philosophischer Entwurf},
  booktitle = {Kants Werke. Band VIII},
  publisher = {de Gruyter Verlag},
  year = {1795},
  chapter = {19},
  pages = {341-386},
  edition = {Akademie-Textausgabe (Nachdruck 1968)},
  adress = {Berlin}
}

@ARTICLE{kirchkamp:2000,
  author = {Oliver Kirchkamp},
  title = {Spatial evolution of automata in the prisoner's dilemma},
  journal = {Journal of Economic Behaviour \& Organiszation},
  year = {2000},
  volume = {43},
  pages = {239-262},
  owner = {eckhart},
  timestamp = {2006.09.24}
}

@ARTICLE{kitcher:1999,
  author = {Philip Kitcher},
  title = {Games Social Animals Play: Commentary on Brian Skyrms's {\em Evolution
	of the Social Contract}},
  journal = {Philosophy and Phenomenological Research},
  year = {1999},
  volume = {LIX, No. 1, March},
  pages = {221-228}
}

@INBOOK{kliemt:1996,
  chapter = {1},
  pages = {13-27},
  title = {Simulation and Rational Parctice},
  publisher = {Kluwer Academic Publishers},
  year = {1996},
  editor = {Rainer Hegselmann and Ulrich Mueller and Klaus G. Troitzsch},
  author = {Hartmut Kliemt},
  address = {Dordrecht / Boston /London},
  booktitle = {Modelling and Simulation in the Social Sciences from the Philosophy
	of Science Point of View (Mathematics and Its Applications)},
  owner = {eckhart},
  timestamp = {2007.03.20}
}

@BOOK{laland-brown:2004,
  title = {Sense \& Nonsense. Evolutionary Perspectives on Human Behaviour},
  publisher = {Oxford University Press},
  year = {2004},
  author = {Kevin N. Laland and Gilian R. Brown},
  address = {Oxford},
  owner = {eckhart}
}

@BOOK{machiavelli:1532,
  title = {Der Fürst},
  publisher = {VMA-Verlag},
  year = {1980},
  editor = {Werner Bahner},
  author = {Niccolò Machiavelli},
  address = {Wiesbaden},
  owner = {eckhart},
  timestamp = {2007.02.11}
}

@BOOK{mayr:2001,
  title = {What Evolution Is},
  publisher = {Perseus Books Group},
  year = {2001},
  author = {Ernst Mayr},
  address = {New York},
  owner = {eckhart},
  timestamp = {2007.01.18}
}

@INCOLLECTION{mcelreath-et-al:2003,
  author = {Richard McElreath},
  title = {Group Report: The Role of Cognition and Emotion in Cooperation},
  booktitle = {Genetic and Cultural Evolution},
  publisher = {MIT Press in cooperation with Dahlem University Press},
  year = {2003},
  editor = {Peter Hammerstein},
  chapter = {7},
  pages = {125-152},
  address = {Cambridge, Massachusetts / London, England}
}

@ARTICLE{mesoudi-laland-whiten:2006,
  author = {Alex Mesoudi and Andrew Whiten and Kevil N. Laland},
  title = {Towards a unified science of cultural evolution},
  journal = {Behavioural and Brain Sciences},
  year = {2006},
  volume = {29},
  pages = {329-383},
  owner = {eckhart},
  timestamp = {2007.01.03}
}

@ARTICLE{milinski:1987,
  author = {Manfred Milinski},
  title = {TIT FOR TAT in sticklebacks and the evolution of cooperation},
  journal = {nature},
  year = {1987},
  volume = {325, January},
  pages = {433-435}
}

@ARTICLE{milinski-parker:1997,
  author = {Manfred Milinski and Geoffrey A. Parker},
  title = {Cooperation under predation risk: a data-based ESS analysis},
  journal = {Proceedings of the Royal Society},
  year = {1997},
  volume = {264},
  pages = {1239-1247}
}

@ARTICLE{gotts-polhill-law:2003,
  author = {N.M.Gotts and J.G. Polhill and A.N.R. Law},
  title = {Agent-Based Simulation in the Study of Social Dilemmas},
  journal = {Artificial Intelligence Review},
  year = {2003},
  volume = {19},
  pages = {3-92},
  owner = {eckhart},
  timestamp = {2008.05.09}
}

@ARTICLE{nowak:1990,
  author = {Martin Nowak},
  title = {Stochastic Strategies in the Prisoner's Dilemma},
  journal = {Theoretical Population Biology},
  year = {1990},
  volume = {38},
  pages = {93-112},
  owner = {eckhart},
  timestamp = {2007.02.21}
}

@ARTICLE{nowak-sigmund:1994,
  author = {Martin A. Nowak and Karl Sigmund},
  title = {The Alternating Prisoner's Dilemma},
  journal = {Journal of Theoretical Biology},
  year = {1994},
  volume = {168},
  pages = {219-226},
  owner = {eckhart},
  timestamp = {2006.09.24}
}

@BOOK{ofek:2001,
  title = {Second Nature. Economic Origins of Human Evolution},
  publisher = {Cambridge University Press},
  year = {2001},
  author = {Haim Ofek},
  address = {Cambridge / New York}
}

@ARTICLE{okasha:2005,
  author = {Samir Okasha},
  title = {Altruism, Group Selection and Correlated Interaction},
  journal = {British Journal for the Philosophy of Science},
  year = {2005},
  volume = {56},
  pages = {703-725}
}

@BOOK{olson:2000,
  title = {Macht und Wohlstand. Kommunistischen und kapitalistischen Diktaturen
	entwachsen},
  publisher = {Mohr Siebeck},
  year = {2000},
  author = {Mancur Olson},
  edition = {deutsche Übersetzung (2002)},
  adress = {Tübingen}
}

@BOOK{olson:1965,
  title = {Die Logik des kollektiven Handelns},
  publisher = {Mohr Siebeck},
  year = {1965},
  author = {Mancur Olson},
  edition = {deutsche Übersetzung, 4. Auflage (1998)},
  adress = {Tübingen}
}

@ARTICLE{price:1972,
  author = {Geoffrey Price},
  title = {Extension of Covariance Selection Mathematics},
  journal = {Anals of Human Genetics},
  year = {1972},
  volume = {35},
  pages = {485-490}
}

@INCOLLECTION{prosch:2004,
  author = {Bernhard Prosch},
  title = {Kartenspieler und Regierungschefs. Bedingungen der Entwicklung von
	Kooperation},
  booktitle = {Modelle sozialer Evolution},
  publisher = {Deutscher Universitäts-Verlag},
  year = {2004},
  editor = {Andreas Diekmann and Ben Jann},
  pages = {69-84},
  address = {Wiesbaden},
  owner = {eckhart}
}

@INCOLLECTION{boyd-richerson-henrich:2003,
  author = {Peter J. Richerson and Robert T. Boyd and Joseph Henrich},
  title = {Cultural Evolution of Human Cooperation},
  booktitle = {Genetic and Cultural Evolution},
  publisher = {dahlem university press},
  year = {2003},
  editor = {Peter Hammerstein},
  chapter = {19},
  pages = {357-388}
}

@ARTICLE{rosenberg:2005,
  author = {Alex Rosenberg},
  title = {Lessons from Biology for Philosophy of the Human Sciences},
  journal = {Philosophy of the Social Sciences},
  year = {2005},
  volume = {35},
  pages = {3-19},
  owner = {eckhart},
  timestamp = {2007.02.12}
}

@INCOLLECTION{runciman:1990,
  author = {Walter Garrison Runciman},
  title = {Doomed to Extinction: The Polis as an Evolutionary Dead-End},
  booktitle = {The Greek City. From Homer to Alexander},
  publisher = {Oxford Clarendon Press},
  year = {1990},
  editor = {Oswyn Murray and Simon Price},
  chapter = {14},
  pages = {347-367},
  address = {Oxford}
}

@BOOK{runciman:1989,
  title = {A Treatise on Social Theory. Volume II: Substantive Social Theory},
  publisher = {Cambridge University Press},
  year = {1989},
  author = {Walter Garrison Runciman},
  address = {Cambridge / New York / New Rochelle / Melbourne / Sydney}
}

@INCOLLECTION{saam:2004,
  author = {Nicole J. Saam and Wolfgang Kerber},
  title = {Wettbewerb und Hypothesentest. Ein evolutionsökonomisches Simulationsmodell
	Wissen schaffenden Wettbewerbs auf Märkten},
  booktitle = {Modelle sozialer Evolution},
  publisher = {Deutscher Universitätsverlag},
  year = {2004},
  editor = {Andreas Diekmann and Ben Jann},
  pages = {119-140},
  address = {Wiesbaden},
  owner = {eckhart}
}

@INCOLLECTION{salwiczek:2001,
  author = {Lucie Salwiczek},
  title = {Grundzüge der Memtheorie},
  booktitle = {Wie wir die Welt erkennen. Erkenntnisweisen im interdisziplinären
	Diskurs},
  publisher = {Verlag Karl Alber},
  year = {2001},
  editor = {Wolfgang Wickler and Lucie Salwiczek},
  pages = {119-201},
  address = {Freiburg / München}
}

@BOOK{schopenhauer:1831,
  title = {Die Welt als Wille und Vorstellung I. Zweiter Teilband},
  publisher = {Diogenes Verlag},
  year = {1977},
  author = {Arthur Schopenhauer},
  address = {Zürich},
  owner = {eckhart},
  timestamp = {2007.03.04}
}

@BOOK{schott:1989,
  title = {The Evolution of Social Systems},
  publisher = {Gordon and Breach Science Publishers},
  year = {1989},
  author = {John Paul Schott},
  address = {New York / London / Paris / Montreux / Tokoyo / Melbourne}
}

@INCOLLECTION{schurz:2001,
  author = {Gerhard Schurz},
  title = {Natürliche und kulturelle Evolution: Skizze einer verallgemeinerten
	Evolutionstheorie},
  booktitle = {Wie wir die Welt erkennen. Erkenntnisweisen im interdisziplinären
	Diskurs},
  publisher = {Verlag Karl Alber},
  year = {2001},
  editor = {Wolfgang Wickler and Lucie Salwiczek},
  pages = {329-376},
  address = {Freiburg / München}
}

@BOOK{schuessler:1997,
  title = {Kooperation unter Egoisten: Vier Dilemmata},
  publisher = {R. Oldenbourg Verlag},
  year = {1990},
  author = {Rudolf Schüßler},
  address = {München},
  edition = {2. Auflage (1997)}
}

@BOOK{shapiro:2005,
  title = {The Flight from Reality in the Human Sciences},
  publisher = {Princeton University Press},
  year = {2005},
  author = {Ian Shapiro},
  address = {Princeton and Oxford},
  owner = {eckhart},
  timestamp = {2007.12.29}
}

@INCOLLECTION{siep:1993,
  author = {Ludwig Siep},
  title = {Was ist Altruismus?},
  booktitle = {Evolution und Ethik},
  publisher = {Philipp Reclam jun.},
  year = {1993},
  editor = {Kurt Bayertz},
  pages = {288-306},
  address = {Stuttgart}
}

@INCOLLECTION{silk:2003,
  author = {Joan B. Silk},
  title = {Cooperation without Counting. The Puzzle of Friendship},
  booktitle = {Genetic and Cultural Evolution},
  publisher = {MIT Press in cooperation with Dahlem University Press},
  year = {2003},
  editor = {Peter Hammerstein},
  chapter = {3},
  pages = {37-54},
  address = {Cambridge, Massachusetts / London, England}
}

@BOOK{skyrms:2004,
  title = {The Stag Hunt Game and the Evolution of Social Structure},
  publisher = {Cambridge University Press},
  year = {2004},
  author = {Brian Skyrms},
  adress = {Cambridge}
}

@ARTICLE{skyrms:1999,
  author = {Brian Skyrms},
  title = {Reply to Critics},
  journal = {Philosophy and Phenomenological Research},
  year = {1999},
  volume = {LIX, No. 1, March},
  pages = {243-253}
}

@BOOK{skyrms:1996,
  title = {Evolution of the Social Contract},
  publisher = {Cambridge University Press},
  year = {1996},
  author = {Brian Skyrms},
  adress = {Cambridge},
  edision = {Reprint 1998}
}

@BOOK{sober-wilson:1998,
  title = {Unto Others. The Evolution and Psychology of Unselfish Behaviour},
  publisher = {Harvard University Press},
  year = {1998},
  author = {Elliott Sober and David Sloan Wilson},
  adress = {Cambridge, Massachussets / London, England}
}

@INCOLLECTION{spencer:1907,
  author = {Herbert Spencer},
  title = {Evolutionäre Ethik},
  booktitle = {Evolution und Ethik},
  publisher = {Philipp Reclam jun.},
  year = {1993},
  editor = {Kurt Bayertz},
  pages = {75-83},
  address = {Stuttgart}
}

@BOOK{taylor:1987,
  title = {The Possibility of Cooperation. Studies in Rationality and Social
	Change},
  publisher = {Cambridge University Press},
  year = {1997},
  author = {Michael Taylor},
  address = {Cambridge},
  edition = {reprint (first edition:1987)},
  owner = {eckhart},
  timestamp = {2007.04.25}
}

@INBOOK{tooby-cosmides:1992,
  chapter = {1},
  pages = {19-136},
  title = {The Psychological Foundations of Culture},
  publisher = {Oxford University Press},
  year = {1992},
  editor = {Jerome H. Barkow and Leda Cosmides and John Tooby},
  author = {John Tooby and Leda Cosmides},
  address = {Oxford / New York},
  booktitle = {The Adapted Mind. Evolutionary. Evolutionary Psychology and the Generation
	of Culture},
  owner = {eckhart},
  timestamp = {2007.01.03}
}

@ARTICLE{trivers:1971,
  author = {Robert L. Trivers},
  title = {The Evolution of Reciprocal Altruism},
  journal = {The Quarterly Review of Biology},
  year = {1971},
  volume = {46},
  pages = {35-57}
}

@BOOK{weibull:1995,
  title = {Evolutionary Game Theory},
  publisher = {MIT Press},
  year = {1995},
  author = {Jörgen W. Weibull},
  address = {Cambridge, Massachusetts},
  edition = {paperback 1997},
  owner = {eckhart},
  timestamp = {2006.06.21}
}

@INCOLLECTION{wieser:1994a,
  author = {Wolgang Wieser},
  title = {Gentheorien und Systemtheorien: Wege und Wandlungen der Evolutionstheorie
	im 20. Jahrhundert},
  booktitle = {Die Evolution der Evolutionstheorie. Von Darwin zur DNA},
  publisher = {Spektrum Akademischer Verlag},
  year = {1994},
  editor = {Wolfgang Wieser},
  chapter = {1},
  pages = {15-48},
  address = {Heidelberg / Berlin / Oxford},
  edition = {Lizenzausgabe der Wissenschaftlichen Buchgesellschaft Darmstadt},
  owner = {eckhart}
}

@BOOK{wilson:2002,
  title = {Darwin's Cathedral. Evolution, Religion and the Nature of Society},
  publisher = {The University of Chicago Press},
  year = {2002},
  author = {David Sloan Wilson},
  address = {Chicago / London},
  owner = {eckhart}
}

@BOOK{wuketits:1990,
  title = {Gene, Kultur und Moral. Soziobiologie Pro und Contra},
  publisher = {Wissenschaftliche Buchgesellschaft},
  year = {1990},
  author = {Franz M. Wuketits},
  address = {Darmstadt}
}

@INCOLLECTION{young:2003,
  author = {H. Peyton Young},
  title = {The Power of Norms},
  booktitle = {Genetic and Cultural Evolution},
  publisher = {MIT Press in cooperation with Dahlem University Press},
  year = {2003},
  editor = {Peter Hammerstein},
  chapter = {20},
  pages = {389-399},
  address = {Cambridge, Massachusetts / London, England}
}

@BOOK{bayertz:1993,
  title = {Evolution und Ethik},
  publisher = {Philipp Reclam jun.},
  year = {1993},
  editor = {Kurt Bayertz},
  address = {Stuttgart}
}

@BOOK{diekmann-jann:2004,
  title = {Modelle sozialer Evolution},
  publisher = {Deutscher Universitäts-Verlag},
  year = {2004},
  editor = {Andreas Diekmann and Ben Jann},
  address = {Wiesbaden},
  owner = {eckhart}
}

@BOOK{dugatkin-reeve:1998,
  title = {Game Theory \& Animal Behaviour},
  publisher = {Oxford University Press},
  year = {1998},
  editor = {Lee Alan Dugatkin and Hudson Kern Reeve},
  address = {Oxford / New York},
  owner = {eckhart}
}

@BOOK{hammerstein:2003,
  title = {Genetic and Cultural Evolution},
  publisher = {MIT Press in cooperation with Dahlem University Press},
  year = {2003},
  editor = {Peter Hammerstein},
  address = {Cambridge, Massachusetts / London, England}
}

@BOOK{hegselmann:1996,
  title = {Modelling and Simulation in the Social Sciences from the Philosophy
	of Science Point of View (Mathematics and its Applications)},
  publisher = {Kluwer Academic Publishers},
  year = {1996},
  editor = {Rainer Hegselmann and Ulrich Mueller and Klaus G. Troitzsch},
  address = {Dordrecht / Boston /London},
  owner = {eckhart},
  timestamp = {2007.03.07}
}

@BOOK{wieser:1994,
  title = {Die Evolution der Evolutionstheorie. Von Darwin zur DNA},
  publisher = {Spektrum Akademischer Verlag GmbH},
  year = {1994},
  editor = {Wolfgang Wieser},
  address = {Heidelberg / Berlin / Oxford},
  edition = {Lizenzausgabe der Wissenschaftlichen Buchgesellschaft Darmstadt}
}

