% This file was created with JabRef 2.5.
% Encoding: UTF-8

@BOOK{axelrod:1984,
  title = {Die Evolution der Kooperation},
  publisher = {R. Oldenbourg Verlag},
  year = {1984},
  author = {Robert Axelrod},
  edition = {deutsche Übersetzung, 5. Auflage (2000)},
  adress = {München}
}

@BOOK{binmore:1998,
  title = {Game Theory and the Social Contract II. Just Playing},
  publisher = {MIT Press},
  year = {1998},
  author = {Ken Binmore},
  address = {Cambridge, Massachusetts / London, England}
}

@BOOK{binmore:1994,
  title = {Game Theory and the Social Contract I. Playing Fair},
  publisher = {MIT Press},
  year = {1994},
  author = {Ken Binmore},
  address = {Cambridge, Massachusetts / London, England},
  edition = {Fourth printing (2000)}
}

@ARTICLE{bolton-katok-ockenfels:2004,
  author = {Gary E. Bolton and Elena Katok and Axel Ockenfels},
  title = {Trust among Internet Traders: A Behavioural Economics Approach},
  journal = {Analyse und Kritik},
  year = {2004},
  volume = {26},
  pages = {185-202},
  owner = {eckhart},
  timestamp = {2007.02.09}
}

@BOOK{bosch:1976,
  title = {Elementare Einführung in die Wahrscheinlichkeitsrechnung},
  publisher = {viewweg Verlag},
  year = {1999},
  author = {Karl Bosch},
  address = {Braunschweig},
  edition = {7. Auflage (zuerst: 1976)},
  owner = {eckhart},
  timestamp = {2008.04.26}
}

@BOOK{cartwright:1999,
  title = {The Dappled World. A Study of the Boundaries of Science},
  publisher = {Cambridge University Press},
  year = {1999},
  author = {Nancy Cartwright},
  address = {Cambridge},
  owner = {eckhart},
  timestamp = {2008.04.26}
}

@ARTICLE{cox:1999,
  author = {Gary W. Cox},
  title = {The Empirical Content of Rational Choice Theory. A Reply to Green
	and Shapiro},
  journal = {Journal of Theoretical Politics},
  year = {1999},
  volume = {11(2)},
  pages = {147-169},
  owner = {eckhart},
  timestamp = {2008.04.03}
}

@ARTICLE{cristofaro:2008,
  author = {Rudolfo de Cristofaro},
  title = {A new formulation of the Principle of Indifference},
  journal = {Synthese},
  year = {2008},
  volume = {163},
  pages = {329-339},
  owner = {eckhart},
  timestamp = {2009.03.03}
}

@BOOK{delong:1991,
  title = {A Refutation of Arrow's Theorem},
  publisher = {University Press of America},
  year = {1991},
  author = {Howard DeLong},
  address = {Laham, New York, London},
  owner = {eckhart},
  timestamp = {2009.03.22}
}

@BOOK{dugatkin:1997,
  title = {Cooperation among Animals},
  publisher = {Oxford University Press},
  year = {1997},
  author = {Lee Alan Dugatkin},
  owner = {eckhart}
}

@BOOK{dupre:2001,
  title = {Human Nature and the Limits of Science},
  publisher = {Oxford University Press},
  year = {2001},
  author = {John Dupré},
  address = {Oxford},
  owner = {eckhart},
  timestamp = {2007.01.03}
}

@MASTERSTHESIS{fritz:2002,
  author = {Jakob Fritz},
  title = {Experimentelle Untersuchung zum Framing – Effekt in der Entscheidungsforschung:
	Ein Vergleich zwischen Laborexperimenten und einer Datenerhebung
	im Internet},
  school = {Martin-Luther-Universität-Halle-Wittenberg},
  year = {2002},
  owner = {eckhart},
  timestamp = {2008.06.07},
  url = {http://www.joerghartig.de/onlineforschung/archiv-onlinestudien/Framing-Effekt--J.Fritz.pdf}
}

@TECHREPORT{geanakoplos:1996,
  author = {John Geanakoplos},
  title = {Three Brief Proofs of Arrow's Impossibility Theorem},
  institution = {Cowles Foundation, Yale University},
  year = {2001},
  type = {Cowles Foundation Discussion Papers},
  number = {1123R3},
  url = {http://ideas.repec.org/p/cwl/cwldpp/1123r3.html}
}

@BOOK{gillies:2000,
  title = {Philosophical Theories of Probability},
  publisher = {Routledge},
  year = {2000},
  author = {Donald Gillies},
  owner = {eckhart},
  timestamp = {2008.05.15}
}

@BOOK{green-shapiro:1994,
  title = {Pathologies of Rational Choice Theory. A Critique of Applications
	in Political Science},
  publisher = {Yale University Press},
  year = {1994},
  author = {Donald P. Green and Ian Shapiro},
  address = {New Haven and London},
  owner = {eckhart},
  timestamp = {2007.12.29}
}

@INCOLLECTION{hammerstein:2003a,
  author = {Peter Hammerstein},
  title = {Why Is Reciprocity So Rare in Social Animals? A Protestant Appeal},
  booktitle = {Genetic and Cultural Evolution},
  publisher = {MIT Press in cooperation with Dahlem University Press},
  year = {2003},
  editor = {Peter Hammerstein},
  chapter = {5},
  pages = {83-94},
  address = {Cambridge, Massachusetts / London, England}
}

@INBOOK{harsanyi:1975,
  chapter = {IV},
  pages = {37-63},
  title = {Can the Maximin Principle Serve as a Basis for Morality? A Critique
	of John Rawls's Theory},
  publisher = {D. Reidel Publishing Company},
  year = {1980},
  author = {John Harsanyi},
  volume = {Essays on ethics, social behavior, and scientific explanation},
  address = {Dordrecht},
  owner = {eckhart},
  timestamp = {2008.04.23}
}

@BOOK{hillerbrand:2006,
  title = {Technik, Ökologie und Ethik},
  publisher = {mentis},
  year = {2006},
  author = {Rafaela Hillerbrand},
  address = {Paderborn},
  owner = {eckhart},
  timestamp = {2008. 3.4.}
}

@ARTICLE{hoffmann:2000,
  author = {Robert Hoffmann},
  title = {Twenty Years on: The Evolution of Cooperation Revisited},
  journal = {Journal of Artificial Societies and Social Simulation},
  year = {2000},
  volume = {Volume 3, No. 2},
  pages = {-},
  url = {http://jasss.soc.surrey.ac.uk/3/2/forum/1.html}
}

@BOOK{howson:2000,
  title = {Hume's Problem. Induction and the Justification of Belief},
  publisher = {Oxford University Press},
  year = {2000},
  author = {Colin Howson},
  address = {Oxford},
  owner = {eckhart},
  timestamp = {2009.02.21}
}

@BOOK{kaplan:1996,
  title = {Decision Theory as Philosophy},
  publisher = {Cambridge University Press},
  year = {1996},
  author = {Mark Kaplan},
  owner = {eckhart},
  timestamp = {2008.04.06}
}

@BOOK{kliemt-lahno:2005,
  title = {Methoden der Moralwissenschaften. Teil 1. Nicht-strategische Modelle
	der Moralwissenschaften. Kapitel 2. Individuelle und Kollektive Wertordnungen.},
  publisher = {unveröffentlichtes Vorlesungsskript},
  year = {2005},
  author = {Hartmut Kliemt and Bernd Lahno},
  owner = {ecki},
  timestamp = {2008.07.20}
}

@ARTICLE{kloeppel:2008,
  author = {Stefan Klöppel and Cynthia M. Stonnington and Carlton Chu and Bogdan
	Draganski and Rachael I. Scahill
	
	and Jonathan D. Rohrer and Nick C. Fox and Clifford R. Jack Jr and
	John Ashburner and Richard S. J. Frackowiak},
  title = {Automatic classification of MR scans in Alzheimer’s disease},
  journal = {Brain. A Journal of Neurology},
  year = {2008},
  volume = {131},
  pages = {681-689},
  owner = {eckhart},
  timestamp = {2009.04.17},
  url = {http://brain.oxfordjournals.org/cgi/reprint/131/3/681}
}

@BOOK{mackie:2003,
  title = {Democracy Defended},
  publisher = {Cambridge University Press},
  year = {2003},
  author = {Gerry Mackie},
  series = {Contempory Political Theory},
  address = {Cambridge, U.K.},
  owner = {eckhart},
  timestamp = {2009.04.23}
}

@BOOK{mascolell-whinston-green:1995,
  title = {Microeconomic Theory},
  publisher = {Oxford University Press},
  year = {1995},
  author = {Andreu Mas-Colell and Michael D. Whinston and Jerry R. Green},
  address = {Oxford / New York},
  owner = {ecki},
  timestamp = {2009.03.19}
}

@ARTICLE{milinski:1987,
  author = {Manfred Milinski},
  title = {TIT FOR TAT in sticklebacks and the evolution of cooperation},
  journal = {nature},
  year = {1987},
  volume = {325, January},
  pages = {433-435}
}

@BOOK{mueller:2003,
  title = {Public Choice III},
  publisher = {Cambridge University Press},
  year = {2003},
  author = {Deniss C. Mueller},
  owner = {eckhart},
  timestamp = {2008.04.06}
}

@BOOK{myerson:1991,
  title = {Game Theory. Analysis of Conflict},
  publisher = {Harvard University Press},
  year = {2002},
  author = {Roger B. Myerson},
  address = {Cambridge, Massachusetts},
  edition = {fifth printing (first: 1991)},
  owner = {eckhart},
  timestamp = {2008.06.08}
}

@ARTICLE{maeki:2005,
  author = {Uskali Mäki},
  title = {Models are experiments, experiments are models},
  journal = {Journal of Economic Methodology},
  year = {2005},
  volume = {12},
  pages = {303-315},
  number = {2},
  owner = {eckhartarnold},
  timestamp = {2010.01.20}
}

@ARTICLE{nida-ruemelin:1991,
  author = {Julian Nida-Rümelin},
  title = {Zur Philosophie der Demokratie: Arrow-Theorem, Liberalität und strukturelle
	Normen},
  journal = {Analyse und Kritik},
  year = {1991},
  volume = {13:2},
  pages = {184-203},
  owner = {eckhart},
  timestamp = {2009.05.13}
}

@ARTICLE{okasha:2007,
  author = {Samir Okasha},
  title = {Rational Choice, Risk Aversion, and Evolution},
  journal = {Journal of Philosophy},
  year = {2007},
  volume = {CIV, No 5},
  pages = {217-235},
  owner = {eckhart},
  timestamp = {2009.03.31},
  url = {https://www.bris.ac.uk/philosophy/department/staff/so/risk\%20aversion\%20and\%20evolution}
}

@BOOK{osborne:2004,
  title = {An Introduction to Game Theory},
  publisher = {Oxford University Press},
  year = {2004},
  author = {Martin J. Osborne},
  address = {Oxford},
  owner = {eckhart},
  timestamp = {2009.02.19}
}

@BOOK{penrose:2004,
  title = {The Road to Reality. A Complete Guide to the Laws of the Universe},
  publisher = {Vintage Random House},
  year = {2004},
  author = {Roger Penrose},
  address = {London},
  owner = {eckhart},
  timestamp = {2008.04.20}
}

@ARTICLE{rabin-thaler:2001,
  author = {Mathew Rabin and Richard H. Thaler},
  title = {Anomalies. Risk Aversion},
  journal = {Journal of Economic Perspectives},
  year = {2001},
  volume = {15},
  pages = {219-232},
  number = {1},
  owner = {eckhart},
  timestamp = {2009.05.05}
}

@BOOK{rawls:1971,
  title = {Eine Theorie der Gerechtigkeit},
  publisher = {suhrkamp},
  year = {1971},
  author = {John Ralws},
  address = {Frankfurt},
  owner = {eckhart},
  timestamp = {2008.04.23}
}

@BOOK{resnik:1987,
  title = {Choices. An Introduction to Decision Theory},
  publisher = {University of Minnesota Press},
  year = {2000},
  author = {Michael D. Resnik},
  edition = {5th ed. (1st: 1987)},
  owner = {eckhart},
  timestamp = {2008.04.05}
}

@BOOK{riker:1982,
  title = {Liberalism against Populism},
  publisher = {Waveland Press},
  year = {1988},
  author = {William H. Riker},
  address = {Prospect Heights, Illinois},
  owner = {eckhart},
  timestamp = {2009.04.23}
}

@BOOK{sartori:1987,
  title = {Demokratietheorie},
  publisher = {Wissenschaftliche Buchgesellschaft},
  year = {1997 (zuerst: 1987)},
  author = {Govanni Sartori},
  address = {Darmstadt},
  owner = {eckhart},
  timestamp = {2009.05.16}
}

@BOOK{savage:1954,
  title = {The Foundations of Statistics},
  publisher = {Dover Publications},
  year = {1972},
  author = {Leonard J. Savage},
  address = {New York},
  owner = {eckhart},
  timestamp = {2009.05.05}
}

@BOOK{schmidt:2000,
  title = {Demokratietheorien},
  publisher = {Leske + Budrich},
  year = {2000},
  author = {Manfred G. Schmidt},
  address = {Opladen},
  owner = {ecki},
  timestamp = {2009.03.05}
}

@BOOK{schurz:2006,
  title = {Einführung in die Wissenschaftstheorie},
  publisher = {Wissenschaftliche Buchgesellschaft Darmstadt},
  year = {2006},
  author = {Gerhard Schurz},
  owner = {eckhart},
  timestamp = {2008.04.06}
}

@BOOK{shapiro:2005,
  title = {The Flight from Reality in the Human Sciences},
  publisher = {Princeton University Press},
  year = {2005},
  author = {Ian Shapiro},
  address = {Princeton and Oxford},
  owner = {eckhart},
  timestamp = {2007.12.29}
}

